<?xml version='1.0' encoding='utf-8'?>
<record xmlns="http://www.loc.gov/MARC21/slim" xmlns:xsi="http://www.w3.org/2001/XMLSchema-instance">
  <leader>00000nas^a22^^^^^^a^4500</leader>
  <controlfield tag="001">006815708</controlfield>
  <controlfield tag="005">20110202153254.0</controlfield>
  <controlfield tag="008">090611c19999999miuer^p^^^^^^^0^^^a0eng^d</controlfield>
  <datafield tag="035" ind1=" " ind2=" ">
    <subfield code="a">(OCoLC)406138011</subfield>
  </datafield>
  <datafield tag="040" ind1=" " ind2=" ">
    <subfield code="a">MiU-H</subfield>
    <subfield code="c">MiU-H</subfield>
  </datafield>
  <datafield tag="041" ind1="0" ind2=" ">
    <subfield code="a">rum</subfield>
  </datafield>
  <datafield tag="043" ind1=" " ind2=" ">
    <subfield code="a">n-us-mi</subfield>
  </datafield>
  <datafield tag="245" ind1="0" ind2="0">
    <subfield code="a">Internaţional curentul.</subfield>
  </datafield>
  <datafield tag="246" ind1="1" ind2=" ">
    <subfield code="a">Curentul</subfield>
  </datafield>
  <datafield tag="260" ind1=" " ind2=" ">
    <subfield code="a">Sterling Heights, MI :</subfield>
    <subfield code="b">Romedia, Inc.</subfield>
  </datafield>
  <datafield tag="300" ind1=" " ind2=" ">
    <subfield code="a">v. :</subfield>
    <subfield code="b">ill. (some col.) ;</subfield>
    <subfield code="c">58 cm.</subfield>
  </datafield>
  <datafield tag="310" ind1=" " ind2=" ">
    <subfield code="a">Biweekly</subfield>
  </datafield>
  <datafield tag="310" ind1=" " ind2=" ">
    <subfield code="a">Monthly &lt;2010&gt;-</subfield>
  </datafield>
  <datafield tag="500" ind1=" " ind2=" ">
    <subfield code="a">Description based on: Vol. 11, no. 24 (June 11, 2009); title from caption.</subfield>
  </datafield>
  <datafield tag="650" ind1=" " ind2="0">
    <subfield code="a">Romanian Americans</subfield>
    <subfield code="z">Michigan</subfield>
    <subfield code="v">Periodicals.</subfield>
  </datafield>
  <datafield tag="852" ind1="8" ind2=" ">
    <subfield code="a">MiU-H</subfield>
    <subfield code="b">BENT</subfield>
    <subfield code="h">2009101 Aa 2</subfield>
  </datafield>
  <datafield tag="997" ind1=" " ind2=" ">
    <subfield code="a">MARS</subfield>
  </datafield>
  <datafield tag="998" ind1=" " ind2=" ">
    <subfield code="c">OV</subfield>
  </datafield>
  <datafield tag="955" ind1=" " ind2=" ">
    <subfield code="b">BENT</subfield>
    <subfield code="p">6815708-1180</subfield>
    <subfield code="z">v.11:no.30(2009:Aug. 27)</subfield>
  </datafield>
  <datafield tag="955" ind1=" " ind2=" ">
    <subfield code="b">BENT</subfield>
    <subfield code="p">6815708-1190</subfield>
    <subfield code="z">v.11:no.31(2009:Sep. 10)</subfield>
  </datafield>
  <datafield tag="955" ind1=" " ind2=" ">
    <subfield code="b">BENT</subfield>
    <subfield code="p">6815708-1200</subfield>
    <subfield code="z">v.11:no.32(2009:Sep. 24)</subfield>
  </datafield>
  <datafield tag="955" ind1=" " ind2=" ">
    <subfield code="b">BENT</subfield>
    <subfield code="p">6815708-1210</subfield>
    <subfield code="z">v.11:no.33(2009:Oct. 08)</subfield>
  </datafield>
  <datafield tag="955" ind1=" " ind2=" ">
    <subfield code="b">BENT</subfield>
    <subfield code="p">6815708-1220</subfield>
    <subfield code="z">v.11:no.34(2009:Sep. 24)</subfield>
  </datafield>
  <datafield tag="955" ind1=" " ind2=" ">
    <subfield code="b">BENT</subfield>
    <subfield code="p">6815708-1230</subfield>
    <subfield code="z">v.11:no.35(2009:Nov. 05)</subfield>
  </datafield>
  <datafield tag="955" ind1=" " ind2=" ">
    <subfield code="b">BENT</subfield>
    <subfield code="p">6815708-1240</subfield>
    <subfield code="z">v.11:no.36(2009:Nov. 19)</subfield>
  </datafield>
  <datafield tag="955" ind1=" " ind2=" ">
    <subfield code="b">BENT</subfield>
    <subfield code="p">6815708-1250</subfield>
    <subfield code="z">v.11:no.37(2009:Dec. 3)</subfield>
  </datafield>
  <datafield tag="955" ind1=" " ind2=" ">
    <subfield code="b">BENT</subfield>
    <subfield code="p">6815708-1260</subfield>
    <subfield code="z">v.11:no.38(2009:Dec. 17)</subfield>
  </datafield>
  <datafield tag="955" ind1=" " ind2=" ">
    <subfield code="b">BENT</subfield>
    <subfield code="p">6815708-1270</subfield>
    <subfield code="z">v.11:no.39(2009:Dec. 31)</subfield>
  </datafield>
  <datafield tag="955" ind1=" " ind2=" ">
    <subfield code="b">BENT</subfield>
    <subfield code="p">6815708-1700</subfield>
    <subfield code="z">v.12:no.01(2010:Jan. 17)</subfield>
  </datafield>
  <datafield tag="955" ind1=" " ind2=" ">
    <subfield code="b">BENT</subfield>
    <subfield code="p">6815708-1710</subfield>
    <subfield code="z">v.12:no.2(2010:Jan. 28)</subfield>
  </datafield>
  <datafield tag="955" ind1=" " ind2=" ">
    <subfield code="b">BENT</subfield>
    <subfield code="p">6815708-1720</subfield>
    <subfield code="z">v.12:no.3(2010:Feb. 11)</subfield>
  </datafield>
  <datafield tag="955" ind1=" " ind2=" ">
    <subfield code="b">BENT</subfield>
    <subfield code="p">6815708-1730</subfield>
    <subfield code="z">v.12:no.4(2010:Feb. 25)</subfield>
  </datafield>
  <datafield tag="955" ind1=" " ind2=" ">
    <subfield code="b">BENT</subfield>
    <subfield code="p">6815708-1740</subfield>
    <subfield code="z">v.12:no.5(2010:Mar. 11)</subfield>
  </datafield>
  <datafield tag="955" ind1=" " ind2=" ">
    <subfield code="b">BENT</subfield>
    <subfield code="p">6815708-1750</subfield>
    <subfield code="z">v.12:no.6(2010:Mar. 25)</subfield>
  </datafield>
  <datafield tag="955" ind1=" " ind2=" ">
    <subfield code="b">BENT</subfield>
    <subfield code="p">6815708-1760</subfield>
    <subfield code="z">v.12:no.6(2010:April)</subfield>
  </datafield>
  <datafield tag="955" ind1=" " ind2=" ">
    <subfield code="b">BENT</subfield>
    <subfield code="p">6815708-1780</subfield>
    <subfield code="z">v.12:no.8(2010:May)</subfield>
  </datafield>
  <datafield tag="955" ind1=" " ind2=" ">
    <subfield code="b">BENT</subfield>
    <subfield code="p">6815708-1790</subfield>
    <subfield code="z">v.12:no.09(2010:June)</subfield>
  </datafield>
  <datafield tag="955" ind1=" " ind2=" ">
    <subfield code="b">BENT</subfield>
    <subfield code="p">6815708-1800</subfield>
    <subfield code="z">v.12:no.11(2010:Aug.)</subfield>
  </datafield>
  <datafield tag="955" ind1=" " ind2=" ">
    <subfield code="b">BENT</subfield>
    <subfield code="p">6815708-1810</subfield>
    <subfield code="z">v.12:no.11(2010:Sept.)</subfield>
  </datafield>
  <datafield tag="955" ind1=" " ind2=" ">
    <subfield code="b">BENT</subfield>
    <subfield code="p">6815708-1820</subfield>
    <subfield code="z">v.12:no.13(2010:Nov.)</subfield>
  </datafield>
  <datafield tag="955" ind1=" " ind2=" ">
    <subfield code="b">BENT</subfield>
    <subfield code="p">6815708-1830</subfield>
    <subfield code="z">v.12:no.14(2010:Dec.)</subfield>
  </datafield>
  <datafield tag="955" ind1=" " ind2=" ">
    <subfield code="b">BENT</subfield>
    <subfield code="p">6815708-20</subfield>
    <subfield code="z">v.11:no.24(2009:Jun. 11)</subfield>
  </datafield>
  <datafield tag="955" ind1=" " ind2=" ">
    <subfield code="b">BENT</subfield>
    <subfield code="p">6815708-2000</subfield>
    <subfield code="z">v.13:no.01(2011:Jan.)</subfield>
  </datafield>
  <datafield tag="955" ind1=" " ind2=" ">
    <subfield code="b">BENT</subfield>
    <subfield code="p">6815708-2010</subfield>
    <subfield code="z">v.13:no.2(2011:Feb.)</subfield>
  </datafield>
  <datafield tag="955" ind1=" " ind2=" ">
    <subfield code="b">BENT</subfield>
    <subfield code="p">6815708-2020</subfield>
    <subfield code="z">v.13:no.3(2011:Mar.)</subfield>
  </datafield>
  <datafield tag="955" ind1=" " ind2=" ">
    <subfield code="b">BENT</subfield>
    <subfield code="p">6815708-2030</subfield>
    <subfield code="z">v.13:no.4(2011:April)</subfield>
  </datafield>
  <datafield tag="955" ind1=" " ind2=" ">
    <subfield code="b">BENT</subfield>
    <subfield code="p">6815708-2040</subfield>
    <subfield code="z">v.13:no.5(2011:May)</subfield>
  </datafield>
  <datafield tag="955" ind1=" " ind2=" ">
    <subfield code="b">BENT</subfield>
    <subfield code="p">6815708-2050</subfield>
    <subfield code="z">v.13:no.6(2011:Jun.)</subfield>
  </datafield>
  <datafield tag="955" ind1=" " ind2=" ">
    <subfield code="b">BENT</subfield>
    <subfield code="p">6815708-2060</subfield>
    <subfield code="z">v.13:no.7(2011:Jul.)</subfield>
  </datafield>
  <datafield tag="955" ind1=" " ind2=" ">
    <subfield code="b">BENT</subfield>
    <subfield code="p">6815708-2070</subfield>
    <subfield code="z">v.13:no.8(2011:Aug.)</subfield>
  </datafield>
  <datafield tag="955" ind1=" " ind2=" ">
    <subfield code="b">BENT</subfield>
    <subfield code="p">6815708-2080</subfield>
    <subfield code="z">v.13:no.9(2011:Sep.)</subfield>
  </datafield>
  <datafield tag="955" ind1=" " ind2=" ">
    <subfield code="b">BENT</subfield>
    <subfield code="p">6815708-2090</subfield>
    <subfield code="z">v.13:no.10(2011:Oct.)</subfield>
  </datafield>
  <datafield tag="955" ind1=" " ind2=" ">
    <subfield code="b">BENT</subfield>
    <subfield code="p">6815708-2100</subfield>
    <subfield code="z">v.13:no.11(2011:Nov.)</subfield>
  </datafield>
  <datafield tag="955" ind1=" " ind2=" ">
    <subfield code="b">BENT</subfield>
    <subfield code="p">6815708-2110</subfield>
    <subfield code="z">v.13:no.12(2011:Dec.)</subfield>
  </datafield>
  <datafield tag="955" ind1=" " ind2=" ">
    <subfield code="b">BENT</subfield>
    <subfield code="p">6815708-2120</subfield>
    <subfield code="z">v.13:no.1(2012:Jan.)</subfield>
  </datafield>
  <datafield tag="955" ind1=" " ind2=" ">
    <subfield code="b">BENT</subfield>
    <subfield code="p">6815708-2130</subfield>
    <subfield code="z">v.13:no.2(2012:Feb.)</subfield>
  </datafield>
  <datafield tag="955" ind1=" " ind2=" ">
    <subfield code="b">BENT</subfield>
    <subfield code="p">6815708-2140</subfield>
    <subfield code="z">v.13:no.3(2012:Mar.)</subfield>
  </datafield>
  <datafield tag="955" ind1=" " ind2=" ">
    <subfield code="b">BENT</subfield>
    <subfield code="p">6815708-2150</subfield>
    <subfield code="z">v.13:no.4(2012:April)</subfield>
  </datafield>
  <datafield tag="955" ind1=" " ind2=" ">
    <subfield code="b">BENT</subfield>
    <subfield code="p">6815708-2160</subfield>
    <subfield code="z">v.13:no.5(2012:May)</subfield>
  </datafield>
  <datafield tag="955" ind1=" " ind2=" ">
    <subfield code="b">BENT</subfield>
    <subfield code="p">6815708-2170</subfield>
    <subfield code="z">v.13:no.6(2012:Jun.)</subfield>
  </datafield>
  <datafield tag="955" ind1=" " ind2=" ">
    <subfield code="b">BENT</subfield>
    <subfield code="p">6815708-2180</subfield>
    <subfield code="z">v.13:no.7(2012:Jul.)</subfield>
  </datafield>
  <datafield tag="955" ind1=" " ind2=" ">
    <subfield code="b">BENT</subfield>
    <subfield code="p">6815708-2190</subfield>
    <subfield code="z">v.13:no.8(2012:Aug.)</subfield>
  </datafield>
  <datafield tag="955" ind1=" " ind2=" ">
    <subfield code="b">BENT</subfield>
    <subfield code="p">6815708-2200</subfield>
    <subfield code="z">v.13:no.9(2012:Oct.)</subfield>
  </datafield>
  <datafield tag="955" ind1=" " ind2=" ">
    <subfield code="b">BENT</subfield>
    <subfield code="p">6815708-2210</subfield>
    <subfield code="z">v.13:no.10(2012:Oct.)</subfield>
  </datafield>
  <datafield tag="955" ind1=" " ind2=" ">
    <subfield code="b">BENT</subfield>
    <subfield code="p">6815708-2220</subfield>
    <subfield code="z">v.13:no.11(2012:Nov.)</subfield>
  </datafield>
  <datafield tag="955" ind1=" " ind2=" ">
    <subfield code="b">BENT</subfield>
    <subfield code="p">6815708-2230</subfield>
    <subfield code="z">v.13:no.11(2012:Dec.)</subfield>
  </datafield>
  <datafield tag="955" ind1=" " ind2=" ">
    <subfield code="b">BENT</subfield>
    <subfield code="p">6815708-30</subfield>
    <subfield code="z">v.11:no.25(2009:Jun. 18)</subfield>
  </datafield>
  <datafield tag="955" ind1=" " ind2=" ">
    <subfield code="b">BENT</subfield>
    <subfield code="p">6815708-40</subfield>
    <subfield code="z">v.11:no.26(2009:Jun. 25)</subfield>
  </datafield>
  <datafield tag="955" ind1=" " ind2=" ">
    <subfield code="b">BENT</subfield>
    <subfield code="p">6815708-660</subfield>
    <subfield code="z">v.11:no.27(2009:Aug. 06)</subfield>
  </datafield>
  <datafield tag="955" ind1=" " ind2=" ">
    <subfield code="b">BENT</subfield>
    <subfield code="p">6815708-670</subfield>
    <subfield code="z">v.11:no.28(2009:Aug. 13)</subfield>
  </datafield>
  <datafield tag="955" ind1=" " ind2=" ">
    <subfield code="b">BENT</subfield>
    <subfield code="p">6815708-680</subfield>
    <subfield code="z">v.11:no.29(2009:Aug. 20)</subfield>
  </datafield>
  <datafield tag="955" ind1=" " ind2=" ">
    <subfield code="b">BENT</subfield>
    <subfield code="p">B3418064</subfield>
  </datafield>
  <datafield tag="955" ind1=" " ind2=" ">
    <subfield code="b">BENT</subfield>
    <subfield code="p">B4201714</subfield>
    <subfield code="z">v.12:no.10(2010:July)</subfield>
  </datafield>
  <datafield tag="955" ind1=" " ind2=" ">
    <subfield code="b">BENT</subfield>
    <subfield code="p">B4456453</subfield>
    <subfield code="z">v.12:no.12(2010:Oct.)</subfield>
  </datafield>
</record>
